@misc{ladder-repo,
  author = {},
  title = {{Formal Verification Ladder Protocol repository}},
  note = {\url{https://github.com/charlie-j/fm-crypto-lib}},
  year = {2025},
}

@misc{ladder-repo-authors,
  author = {},
  title = {{Formal Verification Ladder Protocol repository acknowledgements}},
  note = {\url{https://github.com/charlie-j/fm-crypto-lib/blob/main/README.md\#acknowledgments}},
  year = {2025},
}